<?xml version="1.0" encoding="UTF-8"?>
  <record xmlns="http://www.loc.gov/MARC21/slim" type="Authority">
    <leader>00000nz  a2200000nc 4500</leader>
    <controlfield tag="001">118594540</controlfield>
    <controlfield tag="003">DE-101</controlfield>
    <controlfield tag="005">20201020190541.0</controlfield>
    <controlfield tag="008">880701n||azznnaabn           | aaa    |c</controlfield>
    <datafield tag="024" ind1="7" ind2=" ">
      <subfield code="a">118594540</subfield>
      <subfield code="0">http://d-nb.info/gnd/118594540</subfield>
      <subfield code="2">gnd</subfield>
    </datafield>
    <datafield tag="024" ind1="7" ind2=" ">
      <subfield code="a">n84128337</subfield>
      <subfield code="2">lccn</subfield>
    </datafield>
    <datafield tag="024" ind1="7" ind2=" ">
      <subfield code="a">264661907</subfield>
      <subfield code="2">viaf</subfield>
    </datafield>
    <datafield tag="035" ind1=" " ind2=" ">
      <subfield code="a">(DE-101)118594540</subfield>
    </datafield>
    <datafield tag="035" ind1=" " ind2=" ">
      <subfield code="a">(DE-588)118594540</subfield>
    </datafield>
    <datafield tag="035" ind1=" " ind2=" ">
      <subfield code="z">(DE-588)105755507X</subfield>
    </datafield>
    <datafield tag="035" ind1=" " ind2=" ">
      <subfield code="z">(DE-588)172309123</subfield>
    </datafield>
    <datafield tag="035" ind1=" " ind2=" ">
      <subfield code="z">(DE-588a)172309123</subfield>
      <subfield code="9">v:zg</subfield>
    </datafield>
    <datafield tag="035" ind1=" " ind2=" ">
      <subfield code="z">(DE-588a)118594540</subfield>
      <subfield code="9">v:zg</subfield>
    </datafield>
    <datafield tag="035" ind1=" " ind2=" ">
      <subfield code="z">(DE-588c)4046131-2</subfield>
      <subfield code="9">v:zg</subfield>
    </datafield>
    <datafield tag="040" ind1=" " ind2=" ">
      <subfield code="a">DE-101</subfield>
      <subfield code="c">DE-101</subfield>
      <subfield code="9">r:DE-101</subfield>
      <subfield code="b">ger</subfield>
      <subfield code="d">5000</subfield>
    </datafield>
    <datafield tag="042" ind1=" " ind2=" ">
      <subfield code="a">gnd1</subfield>
    </datafield>
    <datafield tag="043" ind1=" " ind2=" ">
      <subfield code="c">XA</subfield>
    </datafield>
    <datafield tag="065" ind1=" " ind2=" ">
      <subfield code="a">16.5p</subfield>
      <subfield code="2">sswd</subfield>
    </datafield>
    <datafield tag="075" ind1=" " ind2=" ">
      <subfield code="b">p</subfield>
      <subfield code="2">gndgen</subfield>
    </datafield>
    <datafield tag="075" ind1=" " ind2=" ">
      <subfield code="b">piz</subfield>
      <subfield code="2">gndspec</subfield>
    </datafield>
    <datafield tag="079" ind1=" " ind2=" ">
      <subfield code="a">g</subfield>
      <subfield code="q">s</subfield>
      <subfield code="q">f</subfield>
      <subfield code="q">n</subfield>
      <subfield code="u">v</subfield>
      <subfield code="u">w</subfield>
    </datafield>
    <datafield tag="100" ind1="0" ind2=" ">
      <subfield code="a">Pippin</subfield>
      <subfield code="b">III.</subfield>
      <subfield code="c">Fränkisches Reich, König</subfield>
      <subfield code="d">714-768</subfield>
    </datafield>
    <datafield tag="400" ind1="0" ind2=" ">
      <subfield code="a">Pippin</subfield>
      <subfield code="c">der Kleine</subfield>
      <subfield code="d">714-768</subfield>
    </datafield>
    <datafield tag="400" ind1="0" ind2=" ">
      <subfield code="a">Pippin</subfield>
      <subfield code="d">714-768</subfield>
    </datafield>
    <datafield tag="400" ind1="0" ind2=" ">
      <subfield code="a">Pepin</subfield>
      <subfield code="c">le Bref</subfield>
      <subfield code="d">714-768</subfield>
    </datafield>
    <datafield tag="400" ind1="0" ind2=" ">
      <subfield code="a">Pippin</subfield>
      <subfield code="c">der Jüngere</subfield>
      <subfield code="d">714-768</subfield>
    </datafield>
    <datafield tag="400" ind1="0" ind2=" ">
      <subfield code="a">Pippinus</subfield>
      <subfield code="c">Minor</subfield>
      <subfield code="d">714-768</subfield>
    </datafield>
    <datafield tag="400" ind1="0" ind2=" ">
      <subfield code="a">Pippin</subfield>
      <subfield code="c">der Kurze</subfield>
      <subfield code="d">714-768</subfield>
    </datafield>
    <datafield tag="400" ind1="0" ind2=" ">
      <subfield code="a">Pippin</subfield>
      <subfield code="c">Fränkischer König</subfield>
      <subfield code="d">714-768</subfield>
    </datafield>
    <datafield tag="400" ind1="0" ind2=" ">
      <subfield code="a">Pippin</subfield>
      <subfield code="c">Hausmeier von Neustrien und Burgund</subfield>
      <subfield code="d">714-768</subfield>
    </datafield>
    <datafield tag="400" ind1="0" ind2=" ">
      <subfield code="a">Pippinus</subfield>
      <subfield code="c">Maior Domus</subfield>
      <subfield code="d">714-768</subfield>
    </datafield>
    <datafield tag="400" ind1="0" ind2=" ">
      <subfield code="a">Pippinus</subfield>
      <subfield code="c">Princeps</subfield>
      <subfield code="d">714-768</subfield>
    </datafield>
    <datafield tag="400" ind1="0" ind2=" ">
      <subfield code="a">Pippinus</subfield>
      <subfield code="c">Rex Francorum</subfield>
      <subfield code="d">714-768</subfield>
    </datafield>
    <datafield tag="400" ind1="0" ind2=" ">
      <subfield code="a">Pippin</subfield>
      <subfield code="b">III</subfield>
      <subfield code="c">König des Fränkischen Reiches</subfield>
      <subfield code="d">714-768</subfield>
    </datafield>
    <datafield tag="400" ind1="0" ind2=" ">
      <subfield code="a">Pippinus</subfield>
      <subfield code="c">der Kleine</subfield>
      <subfield code="d">714-768</subfield>
    </datafield>
    <datafield tag="400" ind1="0" ind2=" ">
      <subfield code="a">Pippin</subfield>
      <subfield code="b">III</subfield>
      <subfield code="c">König, Fränkisches Reich</subfield>
      <subfield code="d">714-768</subfield>
    </datafield>
    <datafield tag="400" ind1="0" ind2=" ">
      <subfield code="a">Pepin</subfield>
      <subfield code="c">King of the Franks</subfield>
      <subfield code="d">714-768</subfield>
    </datafield>
    <datafield tag="400" ind1="0" ind2=" ">
      <subfield code="a">Pepin</subfield>
      <subfield code="b">III</subfield>
      <subfield code="c">Mayor of the Palace</subfield>
      <subfield code="d">714-768</subfield>
    </datafield>
    <datafield tag="400" ind1="0" ind2=" ">
      <subfield code="a">Pépin</subfield>
      <subfield code="c">le Bref</subfield>
      <subfield code="d">714-768</subfield>
    </datafield>
    <datafield tag="400" ind1="0" ind2=" ">
      <subfield code="a">Pipin</subfield>
      <subfield code="b">III.</subfield>
      <subfield code="c">Fränkisches Reich, König</subfield>
      <subfield code="d">714-768</subfield>
    </datafield>
    <datafield tag="400" ind1="0" ind2=" ">
      <subfield code="a">Pipin</subfield>
      <subfield code="c">Fränkisches Reich, König, III.</subfield>
      <subfield code="d">714-768</subfield>
    </datafield>
    <datafield tag="400" ind1="0" ind2=" ">
      <subfield code="a">Pipin</subfield>
      <subfield code="c">Fränkisches Reich, König, III.</subfield>
      <subfield code="d">714-768</subfield>
    </datafield>
    <datafield tag="400" ind1="0" ind2=" ">
      <subfield code="a">Pipin</subfield>
      <subfield code="c">der Jüngere</subfield>
      <subfield code="d">714-768</subfield>
    </datafield>
    <datafield tag="400" ind1="0" ind2=" ">
      <subfield code="a">Pipin</subfield>
      <subfield code="c">Minor</subfield>
      <subfield code="d">714-768</subfield>
    </datafield>
    <datafield tag="400" ind1="0" ind2=" ">
      <subfield code="a">Pipin</subfield>
      <subfield code="c">der Kleine</subfield>
      <subfield code="d">714-768</subfield>
    </datafield>
    <datafield tag="400" ind1="0" ind2=" ">
      <subfield code="a">Pipin</subfield>
      <subfield code="c">der Kurze</subfield>
      <subfield code="d">714-768</subfield>
    </datafield>
    <datafield tag="400" ind1="0" ind2=" ">
      <subfield code="a">Pipin</subfield>
      <subfield code="c">le Bref</subfield>
      <subfield code="d">714-768</subfield>
    </datafield>
    <datafield tag="400" ind1="0" ind2=" ">
      <subfield code="a">Pipin</subfield>
      <subfield code="b">III.</subfield>
      <subfield code="c">König von Franken</subfield>
      <subfield code="d">714-768</subfield>
    </datafield>
    <datafield tag="400" ind1="0" ind2=" ">
      <subfield code="a">Pipin</subfield>
      <subfield code="c">der Jüngere</subfield>
      <subfield code="d">714-768</subfield>
    </datafield>
    <datafield tag="400" ind1="0" ind2=" ">
      <subfield code="a">Pipin minor</subfield>
      <subfield code="d">714-768</subfield>
    </datafield>
    <datafield tag="400" ind1="0" ind2=" ">
      <subfield code="a">Pipin</subfield>
      <subfield code="c">der Kleine</subfield>
      <subfield code="d">714-768</subfield>
    </datafield>
    <datafield tag="400" ind1="0" ind2=" ">
      <subfield code="a">Pipin</subfield>
      <subfield code="c">der Kurze</subfield>
      <subfield code="d">714-768</subfield>
    </datafield>
    <datafield tag="400" ind1="0" ind2=" ">
      <subfield code="a">Pipin</subfield>
      <subfield code="c">le Bref</subfield>
      <subfield code="d">714-768</subfield>
    </datafield>
    <datafield tag="500" ind1="0" ind2=" ">
      <subfield code="0">(DE-101)118720910</subfield>
      <subfield code="0">(DE-588)118720910</subfield>
      <subfield code="0">https://d-nb.info/gnd/118720910</subfield>
      <subfield code="a">Karl</subfield>
      <subfield code="c">Martell</subfield>
      <subfield code="d">688-741</subfield>
      <subfield code="4">bezf</subfield>
      <subfield code="4">https://d-nb.info/standards/elementset/gnd#familialRelationship</subfield>
      <subfield code="w">r</subfield>
      <subfield code="i">Beziehung familiaer</subfield>
      <subfield code="e">Beziehung familiaer</subfield>
      <subfield code="9">v:Vater</subfield>
    </datafield>
    <datafield tag="500" ind1="0" ind2=" ">
      <subfield code="0">(DE-101)129885517</subfield>
      <subfield code="0">(DE-588)129885517</subfield>
      <subfield code="0">https://d-nb.info/gnd/129885517</subfield>
      <subfield code="a">Bertha</subfield>
      <subfield code="c">Fränkisches Reich, Königin</subfield>
      <subfield code="d">725-783</subfield>
      <subfield code="4">bezf</subfield>
      <subfield code="4">https://d-nb.info/standards/elementset/gnd#familialRelationship</subfield>
      <subfield code="w">r</subfield>
      <subfield code="i">Beziehung familiaer</subfield>
      <subfield code="e">Beziehung familiaer</subfield>
      <subfield code="9">v:Ehefrau</subfield>
    </datafield>
    <datafield tag="500" ind1="0" ind2=" ">
      <subfield code="0">(DE-101)118560034</subfield>
      <subfield code="0">(DE-588)118560034</subfield>
      <subfield code="0">https://d-nb.info/gnd/118560034</subfield>
      <subfield code="a">Karl</subfield>
      <subfield code="b">I.</subfield>
      <subfield code="c">Heiliges Römisches Reich, Kaiser</subfield>
      <subfield code="d">747-814</subfield>
      <subfield code="4">bezf</subfield>
      <subfield code="4">https://d-nb.info/standards/elementset/gnd#familialRelationship</subfield>
      <subfield code="w">r</subfield>
      <subfield code="i">Beziehung familiaer</subfield>
      <subfield code="e">Beziehung familiaer</subfield>
      <subfield code="9">v:Sohn</subfield>
    </datafield>
    <datafield tag="500" ind1="0" ind2=" ">
      <subfield code="0">(DE-101)118560212</subfield>
      <subfield code="0">(DE-588)118560212</subfield>
      <subfield code="0">https://d-nb.info/gnd/118560212</subfield>
      <subfield code="a">Karlmann</subfield>
      <subfield code="c">Fränkisches Reich, König</subfield>
      <subfield code="d">751-771</subfield>
      <subfield code="4">bezf</subfield>
      <subfield code="4">https://d-nb.info/standards/elementset/gnd#familialRelationship</subfield>
      <subfield code="w">r</subfield>
      <subfield code="i">Beziehung familiaer</subfield>
      <subfield code="e">Beziehung familiaer</subfield>
      <subfield code="9">v:Sohn</subfield>
    </datafield>
    <datafield tag="500" ind1="0" ind2=" ">
      <subfield code="0">(DE-101)137807546</subfield>
      <subfield code="0">(DE-588)137807546</subfield>
      <subfield code="0">https://d-nb.info/gnd/137807546</subfield>
      <subfield code="a">Gisela</subfield>
      <subfield code="c">Chelles, Äbtissin</subfield>
      <subfield code="d">757-810</subfield>
      <subfield code="4">bezf</subfield>
      <subfield code="4">https://d-nb.info/standards/elementset/gnd#familialRelationship</subfield>
      <subfield code="w">r</subfield>
      <subfield code="i">Beziehung familiaer</subfield>
      <subfield code="e">Beziehung familiaer</subfield>
      <subfield code="9">v:Tochter</subfield>
    </datafield>
    <datafield tag="548" ind1=" " ind2=" ">
      <subfield code="a">714-768</subfield>
      <subfield code="4">datl</subfield>
      <subfield code="4">https://d-nb.info/standards/elementset/gnd#dateOfBirthAndDeath</subfield>
      <subfield code="w">r</subfield>
      <subfield code="i">Lebensdaten</subfield>
    </datafield>
    <datafield tag="550" ind1=" " ind2=" ">
      <subfield code="0">(DE-101)040315169</subfield>
      <subfield code="0">(DE-588)4031516-2</subfield>
      <subfield code="0">https://d-nb.info/gnd/4031516-2</subfield>
      <subfield code="a">König</subfield>
      <subfield code="4">berc</subfield>
      <subfield code="4">https://d-nb.info/standards/elementset/gnd#professionOrOccupation</subfield>
      <subfield code="w">r</subfield>
      <subfield code="i">Charakteristischer Beruf</subfield>
    </datafield>
    <datafield tag="550" ind1=" " ind2=" ">
      <subfield code="0">(DE-101)040004643</subfield>
      <subfield code="0">(DE-588)4000464-8</subfield>
      <subfield code="0">https://d-nb.info/gnd/4000464-8</subfield>
      <subfield code="a">Adel</subfield>
      <subfield code="4">obin</subfield>
      <subfield code="4">https://d-nb.info/standards/elementset/gnd#broaderTermInstantial</subfield>
      <subfield code="w">r</subfield>
      <subfield code="i">Oberbegriff instantiell</subfield>
    </datafield>
    <datafield tag="667" ind1=" " ind2=" ">
      <subfield code="a">12-PMA:Suppl.</subfield>
    </datafield>
    <datafield tag="667" ind1=" " ind2=" ">
      <subfield code="a">VD-17</subfield>
    </datafield>
    <datafield tag="670" ind1=" " ind2=" ">
      <subfield code="a">M</subfield>
    </datafield>
    <datafield tag="670" ind1=" " ind2=" ">
      <subfield code="a">Potth. 928</subfield>
    </datafield>
    <datafield tag="670" ind1=" " ind2=" ">
      <subfield code="a">LMA,VI,2168/70</subfield>
    </datafield>
    <datafield tag="678" ind1=" " ind2=" ">
      <subfield code="b">Fränkischer König; Capitularia; Diplomata annorum 743-751; Epistola ad Lullum Moguntinum archiepiscopum (755-768); Vater Karls des Grossen</subfield>
    </datafield>
    <datafield tag="913" ind1=" " ind2=" ">
      <subfield code="S">pnd</subfield>
      <subfield code="i">5</subfield>
      <subfield code="a">Pippin &lt;Fränkisches Reich, König, III.&gt;</subfield>
      <subfield code="0">(DE-588a)118594540</subfield>
    </datafield>
    <datafield tag="913" ind1=" " ind2=" ">
      <subfield code="S">pnd</subfield>
      <subfield code="i">5</subfield>
      <subfield code="a">Pippin &lt;Fränkisches Reich, König, I.&gt;</subfield>
      <subfield code="0">(DE-588a)172309123</subfield>
    </datafield>
  </record>
